@Article{Abootalebia2009,
	title = 	{Some Remarks Concerning Modal Propositional Logic of Questions},
	author = 	{Abootalebia V., Moradib M.H., Khalilzadehc M.A.},
	journal = 	{Computer methods and programs in biomedicine},
	year = 		{2009},
	volume = 	{95},
	pages = 	{48--57},
}
